@Article{Xu2005,
  author  = {R. Xu and D. Wunsch},
  title   = {"Survey of clustering algorithms"},
  journal = {IEEE},
  year    = {2005},
  volume  = {16},
  number  = {3},
  pages   = {645-678},
  month   = may,
}
@Article{Aggarwal2012,
  author  = {C. C. Aggarwal, C. Zhai},
  title   = {"A survey of text clustering algorithms"},
  journal = {Mining Text Data},
  year    = {2012},
  volume  = {2},
  number  = {3},
  pages   = {77-128},
  month   = jan,
}
@Article{Abbasi2007,
  author  = {A. A. Abbasi and M. Younis},
  title   = {"A survey on clustering algorithms for wireless sensor networks"},
  journal = {IEEE},
  year    = {2007},
  volume  = {30},
  number  = {14},
  pages   = {2826-2841},
  month   = oct,
}
@Article{Fahad2014,
  author  = {Adil Fahad and Najlaa Alshatri and Zahir Tari},
  title   = {"A Survey of Clustering Algorithms for Big Data: Taxonomy and Empirical Analysis"},
  journal = {IEEE},
  year    = {2014},
  volume  = {2},
  number  = {3},
  pages   = {267 - 279},
  month   = sep,
}
@Article{Bezdek1984,
  author  = {J. C. Bezdek and R. Ehrlich and W. Full},
  title   = {"FCM: The fuzzy c -means clustering algorithm"},
  journal = {Computers \& Geosciences},
  year    = {1984},
  volume  = {10},
  number  = {2},
  pages   = {191-203},
}
@Article{Zhang1996,
  author  = {T. Zhang and R. Ramakrishnan and M. Livny},
  title   = {"BIRCH: An efficient data clustering method for very large databases"},
  journal = {ACM},
  year    = {1996},
  volume  = {25},
  number  = {2},
  pages   = {103-114},
  month   = jun,
  editor  = {T. Zhang and R. Ramakrishnan and M. Livny},
}
@Article{Dempster1977,
  author  = {"A. P. Dempster and N. M. Laird and D. B. Rubin"},
  title   = {Maximum likelihood from incomplete data via the em algorithm},
  journal = {J. Roy. Statist. Soc. Ser. B},
  year    = {1977},
  volume  = {39},
  number  = {1},
  pages   = {1-38},
}
