@Article{,
  author = {Jyothi Pranavi Devineni},
  title  = {Big Data and Deep Learning},
  year   = {2017},
}
